<record><leader>00000cas a22000007a 4500</leader><controlfield tag="001">16881716</controlfield><controlfield tag="008">871021d19201925nmuwr ne      0    0eng d</controlfield><datafield ind1=" " ind2=" " tag="010"><subfield code="a">sn 87091043 </subfield></datafield><datafield ind1=" " ind2=" " tag="040"><subfield code="a">PPM</subfield><subfield code="b">eng</subfield><subfield code="c">PPM</subfield><subfield code="d">NVM</subfield><subfield code="d">OCLCQ</subfield><subfield code="d">OCLCF</subfield><subfield code="d">OCLCO</subfield></datafield><datafield ind1="1" ind2=" " tag="029"><subfield code="a">AU@</subfield><subfield code="b">000025834064</subfield></datafield><datafield ind1=" " ind2=" " tag="042"><subfield code="a">msc</subfield></datafield><datafield ind1=" " ind2=" " tag="043"><subfield code="a">n-us-nm</subfield></datafield><datafield ind1="0" ind2="4" tag="245"><subfield code="a">The Portales Valley news and Portales journal.</subfield></datafield><datafield ind1=" " ind2=" " tag="260"><subfield code="a">Portales, N.M. :</subfield><subfield code="b">J.G. &amp; S.A. Greaves</subfield></datafield><datafield ind1=" " ind2=" " tag="300"><subfield code="a">v.</subfield></datafield><datafield ind1=" " ind2=" " tag="310"><subfield code="a">Weekly</subfield></datafield><datafield ind1="0" ind2=" " tag="362"><subfield code="a">Vol. 19, no. 7 (Dec. 16, 1920)-v. 24, no. 7 [8] (Dec. 17, 1925).</subfield></datafield><datafield ind1=" " ind2="0" tag="651"><subfield code="a">Portales (N.M.)</subfield><subfield code="v">Newspapers.</subfield></datafield><datafield ind1=" " ind2="0" tag="651"><subfield code="a">Roosevelt County (N.M.)</subfield><subfield code="v">Newspapers.</subfield></datafield><datafield ind1=" " ind2="7" tag="655"><subfield code="a">Newspapers.</subfield><subfield code="2">fast</subfield><subfield code="0">(OCoLC)fst01423814</subfield></datafield><datafield ind1=" " ind2="7" tag="651"><subfield code="a">New Mexico</subfield><subfield code="z">Portales.</subfield><subfield code="2">fast</subfield><subfield code="0">(OCoLC)fst01202990</subfield></datafield><datafield ind1=" " ind2="7" tag="651"><subfield code="a">New Mexico</subfield><subfield code="z">Roosevelt County.</subfield><subfield code="2">fast</subfield><subfield code="0">(OCoLC)fst01215725</subfield></datafield><datafield ind1=" " ind2=" " tag="752"><subfield code="a">United States</subfield><subfield code="b">New Mexico</subfield><subfield code="c">Roosevelt</subfield><subfield code="d">Portales.</subfield></datafield><datafield ind1="0" ind2="4" tag="780"><subfield code="t">Portales Valley news (Portales, N.M. : 1913)</subfield><subfield code="w">(DLC)sn 88084215</subfield></datafield><datafield ind1="0" ind2="4" tag="780"><subfield code="t">Portales journal</subfield><subfield code="w">(DLC)sn 87091036</subfield></datafield><datafield ind1="0" ind2="0" tag="785"><subfield code="t">Portales Valley news (Portales, N.M. : 1925)</subfield><subfield code="w">(DLC)sn 87091083</subfield></datafield></record>